@book{coursebook,
 author = {Graham, Stephen and Daniels, Glen and Davis, Doug and Nakamura, Yuichi and Simeonov, Simeon and Boubez, Toufic and Neyama, Ryo and Brittenham, Peter and Freemantle, Paul and Koenig, Dieter},
 title = {Building Web Services with Java: Making Sense of XML, SOAP, WSDL, and UDDI (2Nd Edition)},
 year = {2004},
 isbn = {0672326418},
 publisher = {Pearson Education},
}