@book{coursebook,
 author = {Graham, Stephen and Daniels, Glen and Davis, Doug and Nakamura, Yuichi and Simeonov, Simeon and Boubez, Toufic and Neyama, Ryo and Brittenham, Peter and Freemantle, Paul and Koenig, Dieter},
 title = {Building Web Services with Java: Making Sense of XML, SOAP, WSDL, and UDDI (2Nd Edition)},
 year = {2004},
 isbn = {0672326418},
 publisher = {Pearson Education},
}

@misc{jax_ws,
  author = {Oracle},
  title = {Building Web Services with JAX-WS},
  howpublished = "\url{http://docs.oracle.com/javaee/6/tutorial/doc/bnayl.html}",
  year = {2013}, 
  note = "[Online; accessed 4-Feb-2017]"
}

@misc{jersey,
  author = {Oracle},
  title = {Jersey - RESTful web services in Java},
  howpublished = "\url{https://jersey.java.net/}",
  year = {2017}, 
  note = "[Online; accessed 13-Feb-2017]"
}
